@article{bib:AuthorYear,
	author = "Author, A.A.",
	title = "{Article title}",
	year = "2000",
	journal = "Journal title",
	volume = "1",
	number = "1",
	pages = "1--10",
	note = "{Some notes}",
	url= "http://web-site.ru"
}